% This file was created with JabRef 2.10b2.
% Encoding: UTF-8


@Article{artan2010prostate,
  Title                    = {Prostate cancer localization with multispectral MRI using cost-sensitive support vector machines and conditional random fields},
  Author                   = {Artan, Yusuf and others},
  Journal                  = {IEEE TIP},
  Year                     = {2010},
  Number                   = {9},
  Pages                    = {2444--2455},
  Volume                   = {19},

  Publisher                = {IEEE}
}

@InProceedings{artan2009prostate,
  Title                    = {Prostate cancer segmentation with multispectral MRI using cost-sensitive conditional random fields},
  Author                   = {Artan, Yusuf and et al.},
  Booktitle                = {Biomedical Imaging: From Nano to Macro, 2009. ISBI'09. IEEE International Symposium on},
  Year                     = {2009},
  Organization             = {IEEE},
  Pages                    = {278--281}
}

@Article{ferlay2010estimates,
  Title                    = {Estimates of worldwide burden of cancer in 2008: GLOBOCAN 2008},
  Author                   = {Ferlay, Jacques and others},
  Journal                  = {Int. journal of cancer},
  Year                     = {2010},
  Number                   = {12},
  Pages                    = {2893--2917},
  Volume                   = {127},

  Publisher                = {Wiley Online Library}
}

@InProceedings{lemaitre2015boosting,
  Title                    = {A boosting approach for prostate cancer detection using multi-parametric MRI},
  Author                   = {Lemaitre, Guillaume and others},
  Booktitle                = {The International Conference on Quality Control by Artificial Vision 2015},
  Year                     = {2015},
  Organization             = {International Society for Optics and Photonics},
  Pages                    = {95340A--95340A}
}

@Article{lv2009computerized,
  Title                    = {Computerized characterization of prostate cancer by fractal analysis in MR images},
  Author                   = {Lv, Dongjiao and others},
  Journal                  = {JMRI},
  Year                     = {2009},
  Number                   = {1},
  Pages                    = {161--168},
  Volume                   = {30},

  Publisher                = {Wiley Online Library}
}

@Article{mcneal1981zonal,
  Title                    = {The zonal anatomy of the prostate},
  Author                   = {McNeal, John E},
  Journal                  = {The Prostate},
  Year                     = {1981},
  Number                   = {1},
  Pages                    = {35--49},
  Volume                   = {2},

  Publisher                = {Wiley Online Library}
}

@inproceedings{ozer2009prostate,
  title={Prostate cancer localization with multispectral MRI based on relevance vector machines},
  author={Ozer, Sedat and et al.},
  booktitle={Biomedical Imaging: From Nano to Macro, 2009. ISBI'09. IEEE Int. Symp. on},
  pages={73--76},
  year={2009},
  organization={IEEE}
}

@Article{ozer2010supervised,
  Title                    = {Supervised and unsupervised methods for prostate cancer segmentation with multispectral MRI},
  Author                   = {Ozer, Sedat and others},
  Journal                  = {Med. Phy.},
  Year                     = {2010},
  Number                   = {4},
  Pages                    = {1873--1883},
  Volume                   = {37},
  Publisher                = {American Association of Physicists in Medicine}
}

@Other{CancerFactsFigures2014,
  Title                    = {Cancer facts \& figures 2014},
  Author                   = {American Cancer Society},
  Owner                    = {mojdeh},
  Timestamp                = {2014.11.06},
  Url                      = {http://www.cancer.org/research/cancerfactsstatistics/cancerfactsfigures2014},
  Year                     = {2014}
}

@Article{viswanath2012central,
  Title                    = {Central gland and peripheral zone prostate tumors have significantly different quantitative imaging signatures on 3 tesla endorectal, in vivo T2-weighted MR imagery},
  Author                   = {Viswanath, S. and others},
  Journal                  = {JMRI},
  Year                     = {2012},
  Number                   = {1},
  Pages                    = {213--224},
  Volume                   = {36},
  Publisher                = {Wiley Online Library}
}

@article{bernstein1989improved,
   author = "Bernstein, M. A. and et al.",
   title = "Improved detectability in low signal-to-noise ratio magnetic resonance images by means of a phase‚Äêcorrected real reconstruction",
   journal = "Medical Physics",
   year = "1989",
   volume = "16",
   number = "5",
   pages = "813-817",
}

@Article{Lemaitre2015,
  Title                    = {Computer-Aided Detection and diagnosis for prostate cancer based on mono and multi-parametric MRI: A review },
  Author                   = {Guillaume Lema\^itre and others},
  Journal                  = {Comp. in Bio. Med. },
  Year                     = {2015},
  Pages                    = {8 - 31},
  Volume                   = {60},
}

@article{nyul2000new,
  title={New variants of a method of MRI scale standardization},
  author={Ny{\'u}l, L{\'a}szl{\'o} G and et al.},
  journal={IEEE TMI},
  volume={19},
  number={2},
  pages={143--150},
  year={2000},
  publisher={IEEE}
}

@ARTICLE{Srivastava2011,
author={Srivastava, A. and Klassen, E. and Joshi, S.H. and Jermyn, I.H.},
journal={Pattern Analysis and Machine Intelligence, IEEE Transactions on},
title={Shape Analysis of Elastic Curves in Euclidean Spaces},
month={July},
year={2011},
volume={33},
number={7},
pages={1415-1428}
}

@Article{Tucker2013,
  Title                    = {Generative models for functional data using phase and amplitude separation },
  Author                   = {J. Derek Tucker and Wei Wu and Anuj Srivastava},
  Journal                  = {Computational Statistics \& Data Analysis },
  Year                     = {2013},
  Pages                    = {50 - 66},
  Volume                   = {61}
}


@comment{jabref-meta: selector_publisher:}

@comment{jabref-meta: selector_author:}

@comment{jabref-meta: selector_journal:}

@comment{jabref-meta: selector_keywords:}

